<?xml version="1.0" encoding="UTF-8"?><collection xmlns="http://www.loc.gov/MARC21/slim"><record><leader>00680nam--2200193-i-4500</leader><controlfield tag="001">000047845</controlfield><controlfield tag="002">20161230</controlfield><controlfield tag="005">20161230201046</controlfield><controlfield tag="008">060222s1000------------r-----000-0-eng-d</controlfield><datafield ind1=" " ind2=" " tag="020"><subfield code="a">9971966352</subfield></datafield><datafield ind1=" " ind2=" " tag="040"><subfield code="a">IFIN-HH</subfield></datafield><datafield ind1=" " ind2=" " tag="080"><subfield code="a">539.125:539.17(063)</subfield></datafield><datafield ind1="1" ind2=" " tag="100"><subfield code="a">Wu,S.S./S.A.</subfield></datafield><datafield ind1="1" ind2="0" tag="245"><subfield code="a">Nucleon-nucleon interaction and nuclear many-body problems</subfield><subfield code="b">Proceedings of the international summer school on nucleon-nucleon interaction and nuclear many-body problems changchun, china july 1983</subfield><subfield code="c">S.s. wu, t.t.s. kuo (eds.)</subfield></datafield><datafield ind1=" " ind2=" " tag="260"><subfield code="a">Singapore</subfield><subfield code="b">World Scientific</subfield><subfield code="c">1984</subfield></datafield><datafield ind1=" " ind2=" " tag="300"><subfield code="a">XV + 748P</subfield></datafield><datafield ind1="1" ind2=" " tag="700"><subfield code="a">Kuo, T.T.S</subfield><subfield code="e">Ed</subfield></datafield><datafield ind1=" " ind2=" " tag="852"><subfield code="a">72248</subfield><subfield code="c">539.14</subfield></datafield><datafield ind1=" " ind2=" " tag="CAT"><subfield code="a">Sys</subfield><subfield code="c">20120404</subfield><subfield code="h">163521</subfield></datafield></record></collection>